<?xml version="1.0" encoding="UTF-8"?><collection xmlns="http://www.loc.gov/MARC21/slim"><record><leader>00374nam--2200133-i-4500</leader><controlfield tag="001">000033797</controlfield><controlfield tag="002">20161230</controlfield><controlfield tag="005">20161230201039</controlfield><controlfield tag="008">060222s1000------------r-----000-0-eng-d</controlfield><datafield ind1=" " ind2=" " tag="100"><subfield code="a">Nelson, W.L</subfield></datafield><datafield ind1=" " ind2=" " tag="245"><subfield code="a">Petroleum refinery engineering</subfield></datafield><datafield ind1=" " ind2=" " tag="260"><subfield code="a">New York, Mcgraw-hill Book Co.Inc.,1958. Xiii + 960p</subfield></datafield><datafield ind1=" " ind2=" " tag="490"><subfield code="a">Mcgraw-hill Series In Chemical Engineering</subfield></datafield><datafield ind1=" " ind2=" " tag="852"><subfield code="a">20374</subfield></datafield></record></collection>